<record><leader>00000cas a22000007a 4500</leader><controlfield tag="001">9624452</controlfield><controlfield tag="008">830620d18081814mauwr ne      0   a0eng d</controlfield><datafield ind1=" " ind2=" " tag="010"><subfield code="a">sn 83020896 </subfield></datafield><datafield ind1=" " ind2=" " tag="040"><subfield code="a">NPX</subfield><subfield code="b">eng</subfield><subfield code="c">NPX</subfield><subfield code="d">NPU</subfield><subfield code="d">NPX</subfield><subfield code="d">MGN</subfield><subfield code="d">OCLCG</subfield><subfield code="d">CUS</subfield><subfield code="d">DLC</subfield></datafield><datafield ind1="0" ind2=" " tag="022"><subfield code="a">2575-4173</subfield><subfield code="2">1</subfield></datafield><datafield ind1=" " ind2=" " tag="042"><subfield code="a">msc</subfield><subfield code="a">nsdp</subfield></datafield><datafield ind1="1" ind2="0" tag="050"><subfield code="a">ISSN RECORD</subfield></datafield><datafield ind1=" " ind2="4" tag="050"><subfield code="a">AN</subfield></datafield><datafield ind1="1" ind2="0" tag="082"><subfield code="a">071.3</subfield><subfield code="2">23</subfield></datafield><datafield ind1="0" ind2=" " tag="130"><subfield code="a">Farmer's herald (Stockbridge, Mass.)</subfield></datafield><datafield ind1=" " ind2="4" tag="222"><subfield code="a">The Farmer's herald</subfield></datafield><datafield ind1="0" ind2="4" tag="245"><subfield code="a">The Farmer's herald.</subfield></datafield><datafield ind1=" " ind2=" " tag="260"><subfield code="a">Stockbridge, Mass. :</subfield><subfield code="b">[s.n.],</subfield><subfield code="c">1808-</subfield></datafield><datafield ind1=" " ind2=" " tag="300"><subfield code="a">volumes ;</subfield><subfield code="c">49 cm.</subfield></datafield><datafield ind1=" " ind2=" " tag="310"><subfield code="a">Weekly</subfield></datafield><datafield ind1=" " ind2=" " tag="336"><subfield code="a">text</subfield><subfield code="b">txt</subfield><subfield code="2">rdacontent</subfield></datafield><datafield ind1=" " ind2=" " tag="337"><subfield code="a">unmediated</subfield><subfield code="b">n</subfield><subfield code="2">rdamedia</subfield></datafield><datafield ind1=" " ind2=" " tag="338"><subfield code="a">volume</subfield><subfield code="b">nc</subfield><subfield code="2">rdacarrier</subfield></datafield><datafield ind1="0" ind2=" " tag="362"><subfield code="a">Vol. 1, no. 1 (July 30, 1808)-</subfield></datafield><datafield ind1="1" ind2=" " tag="362"><subfield code="a">Ceased in 1814.</subfield></datafield><datafield ind1=" " ind2=" " tag="500"><subfield code="a">Printer: Edward P. Seymour, &lt;1810-1814&gt;.</subfield></datafield><datafield ind1="1" ind2=" " tag="700"><subfield code="a">Seymour, Edward Phelps,</subfield><subfield code="d">1780-1845.</subfield></datafield><datafield ind1=" " ind2=" " tag="752"><subfield code="a">United States</subfield><subfield code="b">Massachusetts</subfield><subfield code="c">Berkshire</subfield><subfield code="d">Stockbridge.</subfield></datafield><datafield ind1="0" ind2="0" tag="780"><subfield code="t">Political atlas</subfield><subfield code="x">2575-4149</subfield><subfield code="w">(DLC)sn 83020895</subfield><subfield code="w">(OCoLC)9624350</subfield></datafield><datafield ind1="0" ind2="0" tag="785"><subfield code="t">Berkshire herald (Stockbridge, Mass.)</subfield><subfield code="x">2575-4165</subfield><subfield code="w">(DLC)sn 83020897</subfield><subfield code="w">(OCoLC)9624654</subfield></datafield><datafield ind1="1" ind2=" " tag="029"><subfield code="a">AU@</subfield><subfield code="b">000025798368</subfield></datafield></record>